%% This BibTeX bibliography file was created using BibDesk.
%% https://bibdesk.sourceforge.io/

%% Created for Ayush Dixit at 2025-09-15 12:02:36 +0200 


%% Saved with string encoding Unicode (UTF-8) 


@preamble{"\providecommand{\noopsort}[1]{}" #
   "\providecommand{\singleletter}[1]{#1}%"}



@article{li2025viscoelasticity,
	author = {Li, M. and Saade, Y. and Zaleski, S. and Sen, U. and Kant, P. and Lohse, D.},
	date-added = {2025-09-15 12:01:50 +0200},
	date-modified = {2025-09-15 12:02:23 +0200},
	journal = {Phys. Rev. Fluids},
	number = {8},
	pages = {084001},
	publisher = {APS},
	title = {Viscoelasticity reduces the droplet size in mucosalivary film fragmentation during intense respiratory events},
	volume = {10},
	year = {2025}}

@article{kolinski2014drops,
	author = {Kolinski, J. M. and Mahadevan, L. and Rubinstein, S. M.},
	date-added = {2025-09-13 10:12:29 +0200},
	date-modified = {2025-09-13 10:13:22 +0200},
	journal = {Europhys. Lett.},
	number = {2},
	pages = {24001},
	publisher = {IOP Publishing},
	title = {Drops can bounce from perfectly hydrophilic surfaces},
	volume = {108},
	year = {2014}}

@article{wang2015nonlinear,
	author = {Wang, C. and Yang, L. and Ye, H.},
	date-added = {2025-08-31 18:59:26 +0200},
	date-modified = {2025-08-31 19:00:10 +0200},
	journal = {J. Fluid Mech.},
	pages = {621--652},
	publisher = {Cambridge University Press},
	title = {Nonlinear dual-mode instability of planar liquid sheets},
	volume = {778},
	year = {2015}}

@article{squire1953investigation,
	author = {Squire, H. B.},
	date-added = {2025-08-31 18:57:12 +0200},
	date-modified = {2025-08-31 18:57:45 +0200},
	journal = {Br. J. Appl. Phys.},
	number = {6},
	pages = {167},
	publisher = {IOP Publishing},
	title = {Investigation of the instability of a moving liquid film},
	volume = {4},
	year = {1953}}

@article{tammisola2011stabilizing,
	author = {Tammisola, O. and Sasaki, A. and Lundell, F. and Matsubara, M. and S{\"o}derberg, L. D.},
	date-added = {2025-08-31 18:55:58 +0200},
	date-modified = {2025-08-31 18:56:38 +0200},
	journal = {J. Fluid Mech.},
	pages = {5--32},
	publisher = {Cambridge University Press},
	title = {Stabilizing effect of surrounding gas flow on a plane liquid sheet},
	volume = {672},
	year = {2011}}

@article{matsuuchi1974modulational,
	author = {Matsuuchi, K.},
	date-added = {2025-08-31 18:54:40 +0200},
	date-modified = {2025-08-31 18:55:25 +0200},
	journal = {J. Phys. Soc. Jpn.},
	number = {6},
	pages = {1680--1687},
	publisher = {The Physical Society of Japan},
	title = {Modulational instability of nonlinear capillary waves on thin liquid sheet},
	volume = {37},
	year = {1974}}

@article{mehring1999nonlinear,
	author = {Mehring, C. and Sirignano, W. A.},
	date-added = {2025-08-31 18:53:05 +0200},
	date-modified = {2025-08-31 18:53:58 +0200},
	journal = {J. Fluid Mech.},
	pages = {69--113},
	publisher = {Cambridge University Press},
	title = {Nonlinear capillary wave distortion and disintegration of thin planar liquid sheets},
	volume = {388},
	year = {1999}}

@article{eggers2011subtle,
	author = {Eggers, J.},
	date-added = {2025-08-31 18:51:58 +0200},
	date-modified = {2025-08-31 18:52:36 +0200},
	journal = {J. Fluid Mech.},
	pages = {1--4},
	publisher = {Cambridge University Press},
	title = {The subtle dynamics of liquid sheets},
	volume = {672},
	year = {2011}}

@article{saini2025implementation,
	author = {Saini, M. and Sanjay, V. and Saade, Y. and Lohse, D. and Popinet, S.},
	date-added = {2025-04-08 16:12:18 +0200},
	date-modified = {2025-04-08 16:12:18 +0200},
	journal = {arXiv preprint arXiv:2502.02712},
	title = {Implementation of integral surface tension formulations in a volume of fluid framework and their applications to Marangoni flows},
	year = {2025}}

@misc{coderepository,
	author = {Dixit, A. K. and Sanjay, V.},
	date-added = {2025-04-08 16:07:01 +0200},
	date-modified = {2025-04-08 16:08:49 +0200},
	howpublished = {\href{https://github.com/comphy-lab/HoleySheet}{https://github.com/comphy-lab/HoleySheet}},
	title = {Code repository: {Holey Sheets}},
	year = {2025}}

@article{deike2018dynamics,
	author = {Deike, L. and Ghabache, E. and Liger-Belair, G. and Das, A. K. and Zaleski, S. and Popinet, S. and S{\'e}on, T.},
	date-added = {2025-04-08 01:06:52 +0200},
	date-modified = {2025-04-08 01:34:09 +0200},
	journal = {Phys. Rev. Fluids},
	number = {1},
	pages = {013603},
	publisher = {APS},
	title = {Dynamics of jets produced by bursting bubbles},
	volume = {3},
	year = {2018}}

@article{duchemin2002jet,
	author = {Duchemin, L. and Popinet, S. and Josserand, C. and Zaleski, S.},
	date-added = {2025-04-08 01:04:34 +0200},
	date-modified = {2025-04-08 01:32:38 +0200},
	journal = {Phys. Fluids},
	number = {9},
	pages = {3000--3008},
	publisher = {American Institute of Physics},
	title = {Jet formation in bubbles bursting at a free surface},
	volume = {14},
	year = {2002}}

@article{bouwhuis2012maximal,
	author = {Bouwhuis, W. and van der Veen, R. C. A. and Tran, T. and Keij, D. L. and Winkels, K. G. and Peters, I. R. and van der Meer, D. and Sun, C. and Snoeijer, J. H. and Lohse, D.},
	date-added = {2025-04-07 17:29:32 +0200},
	date-modified = {2025-04-08 01:32:05 +0200},
	journal = {Phys. Rev. Lett.},
	number = {26},
	pages = {264501},
	publisher = {APS},
	title = {Maximal air bubble entrainment at liquid-drop impact},
	volume = {109},
	year = {2012}}

@article{sharma1990energetic,
	author = {Sharma, A. and Ruckenstein, E.},
	date-added = {2025-04-07 16:01:25 +0200},
	date-modified = {2025-04-08 01:33:29 +0200},
	journal = {J. Colloid Interface Sci.},
	number = {2},
	pages = {433--445},
	publisher = {Elsevier},
	title = {Energetic criteria for the breakup of liquid films on nonwetting solid surfaces},
	volume = {137},
	year = {1990}}

@article{dombrowski1954photographic,
	author = {Dombrowski, N. and Fraser, R. P.},
	date-added = {2025-04-07 15:58:50 +0200},
	date-modified = {2025-04-08 01:37:27 +0200},
	journal = {Philos. Trans. R. Soc. A},
	number = {924},
	pages = {101--130},
	publisher = {The Royal Society London},
	title = {A photographic investigation into the disintegration of liquid sheets},
	volume = {247},
	year = {1954}}

@article{taylor1959dynamics,
	author = {Taylor, G. I.},
	date-added = {2025-04-07 15:58:04 +0200},
	date-modified = {2025-04-08 01:30:29 +0200},
	journal = {Proc. R. Soc. A},
	number = {1274},
	pages = {313--321},
	publisher = {The Royal Society London},
	title = {The dynamics of thin sheets of fluid. III. Disintegration of fluid sheets},
	volume = {253},
	year = {1959}}

@article{gong2022effect,
	author = {Gong, C. and Li, D. and Kang, C.},
	date-added = {2025-04-07 15:55:29 +0200},
	date-modified = {2025-04-08 01:33:50 +0200},
	journal = {Pest Manag. Sci.},
	number = {12},
	pages = {5347--5357},
	publisher = {Wiley Online Library},
	title = {Effect of oil-based emulsion on air bubbles in the spray sheet produced through the air-induction nozzle},
	volume = {78},
	year = {2022}}

@article{moriarty1993dynamic,
	author = {Moriarty, J. A. and Schwartz, L. W.},
	date-added = {2025-04-07 15:51:39 +0200},
	date-modified = {2025-04-08 01:34:36 +0200},
	journal = {J. Colloid Interface Sci.},
	number = {2},
	pages = {335--342},
	publisher = {Elsevier},
	title = {Dynamic considerations in the closing and opening of holes in thin liquid films},
	volume = {161},
	year = {1993}}

@phdthesis{goudarzi2023hole,
	author = {Goudarzi, H. V.},
	date-added = {2025-04-07 15:35:19 +0200},
	date-modified = {2025-04-07 15:35:19 +0200},
	school = {Sorbonne Universit{\'e}},
	title = {Hole Dynamics in Films},
	year = {2023}}

@article{stumpf2023drop,
	author = {Stumpf, B. and Roisman, I. V. and Yarin, A. L. and Tropea, C.},
	date-added = {2025-04-07 15:33:53 +0200},
	date-modified = {2025-04-08 01:29:04 +0200},
	journal = {J. Fluid Mech.},
	pages = {A10},
	publisher = {Cambridge University Press},
	title = {Drop impact onto a substrate wetted by another liquid: corona detachment from the wall film},
	volume = {956},
	year = {2023}}

@article{aljedaani2018experiments,
	author = {Aljedaani, A. B. and Wang, C. and Jetly, A. and Thoroddsen, S. T.},
	date-added = {2025-04-07 15:33:12 +0200},
	date-modified = {2025-04-08 01:28:51 +0200},
	journal = {J. Fluid Mech.},
	pages = {162--186},
	publisher = {Cambridge University Press},
	title = {Experiments on the breakup of drop-impact crowns by Marangoni holes},
	volume = {844},
	year = {2018}}

@article{thoroddsen2006crown,
	author = {Thoroddsen, S. T. and Etoh, T. G. and Takehara, K.},
	date-added = {2025-04-07 15:32:23 +0200},
	date-modified = {2025-04-08 01:29:09 +0200},
	journal = {J. Fluid Mech.},
	pages = {63--72},
	publisher = {Cambridge University Press},
	title = {Crown breakup by Marangoni instability},
	volume = {557},
	year = {2006}}

@article{sussman2000coupled,
	author = {Sussman, M. and Puckett, E. G.},
	date-added = {2025-01-25 22:49:15 +0100},
	date-modified = {2025-04-08 01:37:42 +0200},
	journal = {J. Comput. Phys.},
	number = {2},
	pages = {301--337},
	publisher = {Elsevier},
	title = {A coupled level set and volume-of-fluid method for computing 3D and axisymmetric incompressible two-phase flows},
	volume = {162},
	year = {2000}}

@article{popinet2015quadtree,
	author = {Popinet, S.},
	date-added = {2025-01-24 12:06:49 +0100},
	date-modified = {2025-01-24 12:06:49 +0100},
	journal = {J. Comput. Phys.},
	pages = {336--358},
	publisher = {Elsevier},
	title = {A quadtree-adaptive multigrid solver for the Serre--Green--Naghdi equations},
	volume = {302},
	year = {2015}}

@article{popinet2018numerical,
	author = {Popinet, S.},
	date-added = {2025-01-24 11:09:33 +0100},
	date-modified = {2025-01-24 11:09:33 +0100},
	journal = {Annu. Rev. Fluid Mech.},
	pages = {49--75},
	publisher = {Annual Reviews},
	title = {Numerical models of surface tension},
	volume = {50},
	year = {2018}}

@article{popinet2009accurate,
	author = {Popinet, S.},
	date-added = {2025-01-24 11:09:04 +0100},
	date-modified = {2025-01-24 11:09:04 +0100},
	journal = {J. Comput. Phys.},
	number = {16},
	pages = {5838--5866},
	publisher = {Elsevier},
	title = {An accurate adaptive solver for surface-tension-driven interfacial flows},
	volume = {228},
	year = {2009}}

@article{brackbill1992continuum,
	author = {Brackbill, J. U. and Kothe, D. B. and Zemach, C.},
	date-added = {2025-01-24 11:08:44 +0100},
	date-modified = {2025-01-24 11:08:44 +0100},
	journal = {J. Comput. Phys.},
	number = {2},
	pages = {335--354},
	publisher = {Elsevier},
	title = {A continuum method for modeling surface tension},
	volume = {100},
	year = {1992}}

@book{tryggvason2011direct,
	author = {Tryggvason, G. and Scardovelli, R. and Zaleski, S.},
	date-added = {2025-01-24 11:08:21 +0100},
	date-modified = {2025-01-24 11:08:21 +0100},
	publisher = {Cambridge University Press},
	title = {{Direct} {Numerical} {Simulations} of {Gas}--{Liquid} {Multiphase} {Flows}},
	year = {2011}}

@article{ilton2016direct,
	author = {Ilton, M. and DiMaria, C. and Dalnoki-Veress, K.},
	date-added = {2025-01-22 23:46:52 +0100},
	date-modified = {2025-04-08 01:35:49 +0200},
	journal = {Phys. Rev. Lett.},
	number = {25},
	pages = {257801},
	publisher = {APS},
	title = {Direct measurement of the critical pore size in a model membrane},
	volume = {117},
	year = {2016}}

@article{taylor1973making,
	author = {Taylor, G. I. and Michael, D. H.},
	date-added = {2025-01-22 23:44:53 +0100},
	date-modified = {2025-04-08 01:28:41 +0200},
	journal = {J. Fluid Mech.},
	number = {4},
	pages = {625--639},
	publisher = {Cambridge University Press},
	title = {On making holes in a sheet of fluid},
	volume = {58},
	year = {1973}}

@misc{basilliskpopinet,
	author = {Popinet, S. and {collaborators}},
	date-added = {2025-01-22 20:58:45 +0100},
	date-modified = {2025-04-08 01:36:16 +0200},
	howpublished = {\url{http://basilisk.fr} (Last accessed: April, 2025)},
	title = {Basilisk {C}},
	year = {2013--2025}}

@article{neel2018spontaneous,
	author = {N{\'e}el, B. and Villermaux, E.},
	date-added = {2025-01-22 16:44:00 +0100},
	date-modified = {2025-04-08 01:28:25 +0200},
	journal = {J. Fluid Mech.},
	pages = {192--221},
	publisher = {Cambridge University Press},
	title = {The spontaneous puncture of thick liquid films},
	volume = {838},
	year = {2018}}

@article{opfer2014droplet,
	author = {Opfer, L. and Roisman, I. V. and Venzmer, J. and Klostermann, M. and Tropea, C.},
	date-added = {2025-01-22 15:51:23 +0100},
	date-modified = {2025-04-08 01:34:58 +0200},
	journal = {Phys. Rev. E},
	number = {1},
	pages = {013023},
	publisher = {APS},
	title = {Droplet-air collision dynamics: Evolution of the film thickness},
	volume = {89},
	year = {2014}}

@article{jackiw2021aerodynamic,
	author = {Jackiw, I. M. and Ashgriz, N.},
	date-added = {2025-01-22 15:30:17 +0100},
	date-modified = {2025-04-08 01:28:46 +0200},
	journal = {J. Fluid Mech.},
	pages = {A33},
	publisher = {Cambridge University Press},
	title = {On aerodynamic droplet breakup},
	volume = {913},
	year = {2021}}

@article{lohse2020double,
	author = {Lohse, D. and Villermaux, E.},
	date-added = {2025-01-22 14:14:23 +0100},
	date-modified = {2025-04-08 01:35:25 +0200},
	journal = {Proc. Natl. Acad. Sci. USA},
	number = {32},
	pages = {18912--18914},
	publisher = {National Acad Sciences},
	title = {Double threshold behavior for breakup of liquid sheets},
	volume = {117},
	year = {2020}}

@article{de2011production,
	author = {De Leeuw, G. and Andreas, E. L. and Anguelova, M. D. and Fairall, C. W. and Lewis, E. R. and O'Dowd, C. and Schulz, M. and Schwartz, S. E.},
	date-added = {2025-01-22 14:09:10 +0100},
	date-modified = {2025-04-08 01:31:32 +0200},
	journal = {Rev. Geophys.},
	number = {2},
	publisher = {Wiley Online Library},
	title = {Production flux of sea spray aerosol},
	volume = {49},
	year = {2011}}

@article{bourouiba2021fluid,
	author = {Bourouiba, L.},
	date-added = {2025-01-22 14:00:00 +0100},
	date-modified = {2025-04-08 01:29:47 +0200},
	journal = {Annu. Rev. Fluid Mech.},
	number = {1},
	pages = {473--508},
	publisher = {Annual Reviews},
	title = {The fluid dynamics of disease transmission},
	volume = {53},
	year = {2021}}

@article{lhuissier2013effervescent,
	author = {Lhuissier, H. and Villermaux, E.},
	date-added = {2025-01-22 13:58:41 +0100},
	date-modified = {2025-04-08 01:28:56 +0200},
	journal = {J. Fluid Mech.},
	pages = {361--392},
	publisher = {Cambridge University Press},
	title = {`Effervescent'atomization in two dimensions},
	volume = {714},
	year = {2013}}

@article{kim2020raindrop,
	author = {Kim, S. and Wu, Z. and Esmaili, E. and Dombroskie, J. J. and Jung, S.},
	date-added = {2025-01-22 13:54:19 +0100},
	date-modified = {2025-04-08 01:33:04 +0200},
	journal = {Proc. Natl. Acad. Sci. USA},
	number = {25},
	pages = {13901--13907},
	publisher = {National Acad Sciences},
	title = {How a raindrop gets shattered on biological surfaces},
	volume = {117},
	year = {2020}}

@article{villermaux2009single,
	author = {Villermaux, E. and Bossa, B.},
	date-added = {2025-01-22 13:49:35 +0100},
	date-modified = {2025-04-08 01:31:17 +0200},
	journal = {Nature Phys.},
	number = {9},
	pages = {697--702},
	publisher = {Nature Publishing Group UK London},
	title = {Single-drop fragmentation determines size distribution of raindrops},
	volume = {5},
	year = {2009}}

@article{makhnenko2021review,
	author = {Makhnenko, I. and Alonzi, E. R. and Fredericks, S. A. and Colby, C. M. and Dutcher, C. S.},
	date-added = {2025-01-22 13:48:24 +0100},
	date-modified = {2025-04-08 01:37:06 +0200},
	journal = {J. Aerosol Sci.},
	pages = {105805},
	publisher = {Elsevier},
	title = {A review of liquid sheet breakup: Perspectives from agricultural sprays},
	volume = {157},
	year = {2021}}

@article{deike2022mass,
	author = {Deike, L.},
	date-added = {2025-01-22 13:44:08 +0100},
	date-modified = {2025-04-08 01:32:23 +0200},
	journal = {Annu. Rev. Fluid Mech.},
	number = {1},
	pages = {191--224},
	publisher = {Annual Reviews},
	title = {Mass transfer at the ocean--atmosphere interface: the role of wave breaking, droplets, and bubbles},
	volume = {54},
	year = {2022}}

@article{kant2023bag,
	author = {Kant, P. and Pairetti, C. and Saade, Y. and Popinet, S. and Zaleski, S. and Lohse, D.},
	date-added = {2025-01-22 13:41:16 +0100},
	date-modified = {2025-04-08 01:36:32 +0200},
	journal = {Phys. Rev. Fluids},
	number = {7},
	pages = {074802},
	publisher = {APS},
	title = {Bag-mediated film atomization in a cough machine},
	volume = {8},
	year = {2023}}

@article{scharfman2016visualization,
	author = {Scharfman, B. E. and Techet, A. H. and Bush, J. W. M. and Bourouiba, L.},
	date-added = {2025-01-22 13:39:46 +0100},
	date-modified = {2025-04-08 01:28:07 +0200},
	journal = {Exp. Fluids},
	number = {2},
	pages = {1--9},
	publisher = {Springer},
	title = {Visualization of sneeze ejecta: steps of fluid fragmentation leading to respiratory droplets},
	volume = {57},
	year = {2016}}

@article{ciotti2020covid,
	author = {Ciotti, M. and Ciccozzi, M. and Terrinoni, A. and Jiang, W.-C. and Wang, C.-B. and Bernardini, S.},
	date-added = {2025-01-22 13:38:06 +0100},
	date-modified = {2025-04-08 01:30:47 +0200},
	journal = {Crit. Rev. Clin. Lab. Sci.},
	number = {6},
	pages = {365--388},
	publisher = {Taylor \& Francis},
	title = {The COVID-19 pandemic},
	volume = {57},
	year = {2020}}

@article{josserand2016drop,
	author = {Josserand, C. and Thoroddsen, S. T.},
	journal = {Annu. Rev. Fluid Mech.},
	number = {1},
	pages = {365--391},
	publisher = {Annual Reviews},
	title = {Drop impact on a solid surface},
	volume = {48},
	year = {2016}}

@article{lhuissier2013drop,
	author = {Lhuissier, H. and Sun, C. and Prosperetti, A. and Lohse, D.},
	journal = {Phys. Rev. Lett.},
	number = {26},
	pages = {264503},
	publisher = {APS},
	title = {Drop fragmentation at impact onto a bath of an immiscible liquid},
	volume = {110},
	year = {2013}}

@misc{supplMaterial,
	date-added = {2024-09-08 08:48:21 +0200},
	date-modified = {2024-09-08 08:50:44 +0200},
	title = {See Supplemental Material at ({URL} to be inserted by the publisher) for a description of the governing equations, numerical method, initial shape effects and asymmetry effects, which includes Refs. \cite{coderepository,tryggvason2011direct, brackbill1992continuum, sussman2000coupled, saini2025implementation, popinet2015quadtree, popinet2009accurate, popinet2018numerical, duchemin2002jet, deike2018dynamics, bouwhuis2012maximal}},
	year = {2025}}

@article{pohlker2023respiratory,
	author = {P{\"o}hlker, M. L. and P{\"o}hlker, C. and Kr{\"u}ger, O. O. and F{\"o}rster, J.-D. and Berkemeier, T. and Elbert, W. and Fr{\"o}hlich-Nowoisky, J. and P{\"o}schl, U. and Bagheri, G. and Bodenschatz, E. and others},
	journal = {Rev. Mod. Phys.},
	number = {4},
	pages = {045001},
	publisher = {APS},
	title = {Respiratory aerosols and droplets in the transmission of infectious diseases},
	volume = {95},
	year = {2023}}

@article{avila2023transition,
	author = {Avila, M. and Barkley, D. and Hof, B.},
	journal = {Annu. Rev. Fluid Mech.},
	number = {1},
	pages = {575--602},
	publisher = {Annual Reviews},
	title = {Transition to turbulence in pipe flow},
	volume = {55},
	year = {2023}}

@article{samanta2013elasto,
	author = {Samanta, D. and Dubief, Y. and Holzner, M. and Sch{\"a}fer, C. and Morozov, A. N. and Wagner, C. and Hof, B.},
	journal = {Proc. Natl. Acad. Sci. USA},
	number = {26},
	pages = {10557--10562},
	publisher = {National Academy of Sciences},
	title = {Elasto-inertial turbulence},
	volume = {110},
	year = {2013}}

@misc{energyCriterion,
	title = {Assuming a toroidal initial hole shape \cite{ilton2016direct, goudarzi2023hole, moriarty1993dynamic, sharma1990energetic}, the excess surface energy ${\Delta\Xi}$ of a hole of outer radius $R$ can be written as $\dfrac{\Delta\Xi}{\gamma h_0^2} = -\pi + {\pi}^2 \left( \dfrac{R}{h_0} \right) - 2 \pi \left( \dfrac{R}{h_0} \right)^2$.}}

@article{jalaal2012fragmentation,
  title={Fragmentation of falling liquid droplets in bag breakup mode},
  author={Jalaal, M. and Mehravaran, K.},
  journal={Int. J. Multiph. Flow},
  volume={47},
  pages={115--132},
  year={2012},
  publisher={Elsevier}
}

@article{sanjay2025unifying,
  title={Unifying theory of scaling in drop impact: forces and maximum spreading diameter},
  author={Sanjay, V. and Lohse, D.},
  journal={Phys. Rev. Lett.},
  volume={134},
  number={10},
  pages={104003},
  year={2025},
  publisher={APS}
}